@online{rust,
    title = "Rust: A language empowering everyone to build reliable and efficient software",
    url  = "rust-lang.org",
}

@online{rustls,
    title = "Rustls - a modern TLS library",
    url  = "https://docs.rs/rustls/0.18.1/rustls/index.html"
}

@inproceedings{pbft,
author = {Castro, Miguel and Liskov, Barbara},
title = {Practical Byzantine Fault Tolerance},
year = {1999},
isbn = {1880446391},
publisher = {USENIX Association},
address = {USA},
booktitle = {Proceedings of the Third Symposium on Operating Systems Design and Implementation},
pages = {173â€“186},
numpages = {14},
location = {New Orleans, Louisiana, USA},
series = {OSDI '99}
}
